@article{gong2020toward,
  title={Toward Smart Wireless Communications via Intelligent Reflecting Surfaces: A Contemporary Survey},
  author={Gong, Shimin and Lu, Xiao and Hoang, Dinh Thai and Niyato, Dusit and Shu, Lei and Kim, Dong In and Liang, Ying-Chang},
  journal={IEEE Communications Surveys \& Tutorials},
  volume={22},
  number={4},
  pages={2283--2314},
  year={2020},
  publisher={IEEE}
}

@article{liaskos2018new,
  title={A new wireless communication paradigm through software-controlled metasurfaces},
  author={Liaskos, Christos and Nie, Shuai and Tsioliaridou, Ageliki and Pitsillides, Andreas and Ioannidis, Sotiris and Akyildiz, Ian},
  journal={IEEE Communications Magazine},
  volume={56},
  number={9},
  pages={162--169},
  year={2018},
  publisher={IEEE}
}

@article{bukhari2019metasurfaces,
  title={A metasurfaces review: Definitions and applications},
  author={Bukhari, Syed S and Vardaxoglou, J Yiannis and Whittow, William},
  journal={Applied Sciences},
  volume={9},
  number={13},
  pages={2727},
  year={2019},
  publisher={Multidisciplinary Digital Publishing Institute}
}

@article{wu2021intelligent,
  title={Intelligent reflecting surface aided wireless communications: A tutorial},
  author={Wu, Qingqing and Zhang, Shuowen and Zheng, Beixiong and You, Changsheng and Zhang, Rui},
  journal={IEEE Transactions on Communications},
  year={2021},
  publisher={IEEE}
}

%ESTOU USANDO?
@article{bjornson2019intelligent,
  title={Intelligent reflecting surface versus decode-and-forward: How large surfaces are needed to beat relaying?},
  author={Bj{\"o}rnson, Emil and {\"O}zdogan, {\"O}zgecan and Larsson, Erik G},
  journal={IEEE Wireless Communications Letters},
  volume={9},
  number={2},
  pages={244--248},
  year={2019},
  publisher={IEEE}
}

@article{ozdogan2019intelligent,
  title={Intelligent reflecting surfaces: Physics, propagation, and pathloss modeling},
  author={{\"O}zdogan, {\"O}zgecan and Bj{\"o}rnson, Emil and Larsson, Erik G},
  journal={IEEE Wireless Communications Letters},
  volume={9},
  number={5},
  pages={581--585},
  year={2019},
  publisher={IEEE}
}

@article{bjornson2020reconfigurable,
  title={Reconfigurable intelligent surfaces: Three myths and two critical questions},
  author={Bj{\"o}rnson, Emil and {\"O}zdogan, {\"O}zgecan and Larsson, Erik G},
  journal={IEEE Communications Magazine},
  volume={58},
  number={12},
  pages={90--96},
  year={2020},
  publisher={IEEE}
}

@article{wang2020intelligent,
  title={Intelligent reflecting surface-assisted millimeter wave communications: Joint active and passive precoding design},
  author={Wang, Peilan and Fang, Jun and Yuan, Xiaojun and Chen, Zhi and Li, Hongbin},
  journal={IEEE Transactions on Vehicular Technology},
  year={2020},
  publisher={IEEE}
}

@article{de2021channel,
  title={Channel estimation for intelligent reflecting surface assisted MIMO systems: A tensor modeling approach},
  author={de Ara{\'u}jo, Gilderlan T and De Almeida, Andre LF and Boyer, R{\'e}my},
  journal={IEEE Journal of Selected Topics in Signal Processing},
  volume={15},
  number={3},
  pages={789--802},
  year={2021},
  publisher={IEEE}
}

@inproceedings{jensen2020optimal,
  title={An optimal channel estimation scheme for intelligent reflecting surfaces based on a minimum variance unbiased estimator},
  author={Jensen, Tobias Lindstr{\o}m and De Carvalho, Elisabeth},
  booktitle={ICASSP 2020-2020 IEEE International Conference on Acoustics, Speech and Signal Processing (ICASSP)},
  pages={5000--5004},
  year={2020},
  organization={IEEE}
}

@article{badloe2017metasurfaces,
  title={Metasurfaces-based absorption and reflection control: perfect absorbers and reflectors},
  author={Badloe, Trevon and Mun, Jungho and Rho, Junsuk},
  journal={Journal of Nanomaterials},
  volume={2017},
  year={2017},
  publisher={Hindawi}
}

@article{wei2021channel,
  title={Channel estimation for RIS-empowered multi-user {MISO} wireless communications},
  author={Wei, Li and Huang, Chongwen and Alexandropoulos, George C and Yuen, Chau and Zhang, Zhaoyang and Debbah, M{\'e}rouane},
  journal={IEEE Transactions on Communications},
  year={2021},
  publisher={IEEE}
}
@article{ardah2021trice,
  title={TRICE: A Channel Estimation Framework for RIS-Aided Millimeter-Wave {MIMO} Systems},
  author={Ardah, Khaled and Gherekhloo, Sepideh and de Almeida, Andr{\'e} LF and Haardt, Martin},
  journal={IEEE Signal Processing Letters},
  volume={28},
  pages={513--517},
  year={2021},
  publisher={IEEE}
}

@inproceedings{wang2020channel,
  title={Channel estimation for intelligent reflecting surface assisted multiuser communications},
  author={Wang, Zhaorui and Liu, Liang and Cui, Shuguang},
  booktitle={2020 IEEE Wireless Communications and Networking Conference (WCNC)},
  pages={1--6},
  year={2020},
  organization={IEEE}
}

@article{zappone2020overhead,
  title={Overhead-aware design of reconfigurable intelligent surfaces in smart radio environments},
  author={Zappone, Alessio and Di Renzo, Marco and Shams, Farshad and Qian, Xuewen and Debbah, M{\'e}rouane},
  journal={IEEE Transactions on Wireless Communications},
  year={2020},
  publisher={IEEE}
}

@article{taha2021enabling,
  title={Enabling large intelligent surfaces with compressive sensing and deep learning},
  author={Taha, Abdelrahman and Alrabeiah, Muhammad and Alkhateeb, Ahmed},
  journal={IEEE Access},
  volume={9},
  pages={44304--44321},
  year={2021},
  publisher={IEEE}
}

@article{wu2019intelligent,
  title={Intelligent reflecting surface enhanced wireless network via joint active and passive beamforming},
  author={Wu, Qingqing and Zhang, Rui},
  journal={IEEE Transactions on Wireless Communications},
  volume={18},
  number={11},
  pages={5394--5409},
  year={2019},
  publisher={IEEE}
}

@article{abeywickrama2020intelligent,
  title={Intelligent reflecting surface: Practical phase shift model and beamforming optimization},
  author={Abeywickrama, Samith and Zhang, Rui and Wu, Qingqing and Yuen, Chau},
  journal={IEEE Transactions on Communications},
  volume={68},
  number={9},
  pages={5849--5863},
  year={2020},
  publisher={IEEE}
}

@article{cui2014coding,
  title={Coding metamaterials, digital metamaterials and programmable metamaterials},
  author={Cui, Tie Jun and Qi, Mei Qing and Wan, Xiang and Zhao, Jie and Cheng, Qiang},
  journal={Light: Science \& Applications},
  volume={3},
  number={10},
  pages={e218--e218},
  year={2014},
  publisher={Nature Publishing Group}
}

@article{wu2019towards,
  title={Towards smart and reconfigurable environment: Intelligent reflecting surface aided wireless network},
  author={Wu, Qingqing and Zhang, Rui},
  journal={IEEE Communications Magazine},
  volume={58},
  number={1},
  pages={106--112},
  year={2019},
  publisher={IEEE}
}

@article{yang2020intelligent,
  title={Intelligent reflecting surface meets OFDM: Protocol design and rate maximization},
  author={Yang, Yifei and Zheng, Beixiong and Zhang, Shuowen and Zhang, Rui},
  journal={IEEE Transactions on Communications},
  volume={68},
  number={7},
  pages={4522--4535},
  year={2020},
  publisher={IEEE}
}

@article{shen2019secrecy,
  title={Secrecy rate maximization for intelligent reflecting surface assisted multi-antenna communications},
  author={Shen, Hong and Xu, Wei and Gong, Shulei and He, Zhenyao and Zhao, Chunming},
  journal={IEEE Communications Letters},
  volume={23},
  number={9},
  pages={1488--1492},
  year={2019},
  publisher={IEEE}
}

@inproceedings{foo2017liquid,
  title={Liquid-crystal reconfigurable metasurface reflectors},
  author={Foo, Senglee},
  booktitle={2017 IEEE International Symposium on Antennas and Propagation \& USNC/URSI National Radio Science Meeting},
  pages={2069--2070},
  year={2017},
  organization={IEEE}
}

@article{ma2020intelligent,
  title={Intelligent reflecting surface enhanced indoor terahertz communication systems},
  author={Ma, Xinying and Chen, Zhi and Chen, Wenjie and Chi, Yaojia and Li, Zhuoxun and Han, Chong and Wen, Qiye},
  journal={Nano Communication Networks},
  volume={24},
  pages={100284},
  year={2020},
  publisher={Elsevier}
}

@article{he2019cascaded,
  title={Cascaded channel estimation for large intelligent metasurface assisted massive MIMO},
  author={He, Zhen-Qing and Yuan, Xiaojun},
  journal={IEEE Wireless Communications Letters},
  volume={9},
  number={2},
  pages={210--214},
  year={2019},
  publisher={IEEE}
}

@article{salmi2008detection,
  title={Detection and tracking of MIMO propagation path parameters using state-space approach},
  author={Salmi, Jussi and Richter, Andreas and Koivunen, Visa},
  journal={IEEE Transactions on Signal Processing},
  volume={57},
  number={4},
  pages={1538--1550},
  year={2008},
  publisher={IEEE}
}

@inproceedings{alexandropoulos2020hardware,
  title={A hardware architecture for reconfigurable intelligent surfaces with minimal active elements for explicit channel estimation},
  author={Alexandropoulos, George C and Vlachos, Evangelos},
  booktitle={ICASSP 2020-2020 IEEE International Conference on Acoustics, Speech and Signal Processing (ICASSP)},
  pages={9175--9179},
  year={2020},
  organization={IEEE}
}

@article{di2020reconfigurable,
  title={Reconfigurable intelligent surfaces vs. relaying: Differences, similarities, and performance comparison},
  author={Di Renzo, Marco and Ntontin, Konstantinos and Song, Jian and Danufane, Fadil H and Qian, Xuewen and Lazarakis, Fotis and De Rosny, Julien and Phan-Huy, Dinh-Thuy and Simeone, Osvaldo and Zhang, Rui and others},
  journal={IEEE Open Journal of the Communications Society},
  volume={1},
  pages={798--807},
  year={2020},
  publisher={IEEE}
}

%CAPITULO 2
@book{tse2005fundamentals,
  title={Fundamentals of Wireless Communication},
  author={Tse, D. and Viswanath, P.},
  isbn={9780521845274},
  lccn={2006272166},
  series={Wiley series in telecommunications},
  url={https://books.google.com.br/books?id=66XBb5tZX6EC},
  year={2005},
  publisher={Cambridge University Press}
}

%CAPITULO 8
@book{cavalcanti2018comunicação,
  title={Comunica{\c{c}}{\~a}o m{\'o}vel celular},
  author={Cavalcanti, F.R.P. and Maciel, T.F. and Freitas, W.C. and Silva, Y.C.B.},
  isbn={9788535280432},
  url={https://books.google.com.br/books?id=hnJgDwAAQBAJ},
  year={2018},
  publisher={Elsevier}
}

%CAPITULO 10
@book{goldsmith2005wireless,
  title={Wireless Communications},
  author={Goldsmith, A.},
  isbn={9781139445849},
  url={https://books.google.com.br/books?id=ZtFVAgAAQBAJ},
  year={2005},
  publisher={Cambridge University Press}
}

%CAPITULO 5
@book{paulraj2003introduction,
  title={Introduction to Space-Time Wireless Communications},
  author={Paulraj, A. and Eringen, A.C. and Rohit, A.P. and Nabar, R. and Gore, D. and Cambridge University Press},
  isbn={9780521826150},
  lccn={2004296611},
  url={https://books.google.com.br/books?id=YQSsoPDfyngC},
  year={2003},
  publisher={Cambridge University Press}
}

%CAPITULO 2 e 4
@book{van2001optimum,
  title={Optimum Array Processing},
  author={Van Trees, H.L.},
  isbn={9781601193872},
  url={https://books.google.com.br/books?id=BYPkswEACAAJ},
  year={2001},
  publisher={Wiley-Interscience}
}

%PRE-PRINT 

@incollection{geim2010rise,
  title={The rise of graphene},
  author={Geim, Andre K and Novoselov, Konstantin S},
  booktitle={Nanoscience and technology: a collection of reviews from nature journals},
  pages={11--19},
  year={2010},
  publisher={World Scientific}
}

@article{you2021wireless,
  title={Wireless Communication Aided by Intelligent Reflecting Surface: Active or Passive?},
  author={You, Changsheng and Zhang, Rui},
  journal={arXiv preprint arXiv:2106.10963},
  year={2021}
}